<?xml version="1.0" encoding="UTF-8"?><collection xmlns="http://www.loc.gov/MARC21/slim"><record><leader>00327nam--2200133-i-4500</leader><controlfield tag="001">000024951</controlfield><controlfield tag="002">20161230</controlfield><controlfield tag="005">20161230201035</controlfield><controlfield tag="008">060222s1000------------r-----000-0-eng-d</controlfield><datafield ind1=" " ind2=" " tag="100"><subfield code="a">Basdevant, J.L</subfield></datafield><datafield ind1=" " ind2=" " tag="245"><subfield code="a">Theories</subfield></datafield><datafield ind1=" " ind2=" " tag="260"><subfield code="a">Berlin, Springer-verlag, 1972 166 P</subfield></datafield><datafield ind1=" " ind2=" " tag="490"><subfield code="a">Springer Tracts In Modern Physics</subfield></datafield><datafield ind1=" " ind2=" " tag="852"><subfield code="a">506</subfield></datafield></record></collection>